@article{Ward1963HierarchicalGT,
	title={Hierarchical Grouping to Optimize an Objective Function},
	author={J. Ward},
	journal={Journal of the American Statistical Association},
	year={1963},
	volume={58},
	pages={236-244}
}

@article{Newman,
	title = {Finding and evaluating community structure in networks},
	author = {Newman, M. E. J. and Girvan, M.},
	journal = {Phys. Rev. E},
	volume = {69},
	issue = {2},
	pages = {026113},
	numpages = {15},
	year = {2004},
	month = {Feb},
	publisher = {American Physical Society},
	doi = {10.1103/PhysRevE.69.026113},
	url = {https://link.aps.org/doi/10.1103/PhysRevE.69.026113}
}

@article{Newman_2004,
	title={Fast algorithm for detecting community structure in networks},
	volume={69},
	ISSN={1550-2376},
	url={http://dx.doi.org/10.1103/PhysRevE.69.066133},
	DOI={10.1103/physreve.69.066133},
	number={6},
	journal={Physical Review E},
	publisher={American Physical Society (APS)},
	author={Newman, M. E. J.},
	year={2004},
	month={Jun}
}

@phdthesis{Papenbrock2011_1000025469,
	author       = {Papenbrock, Jochen},
	year         = {2011},
	title        = {Asset Clusters and Asset Networks in Financial Risk Management and Portfolio Optimization},
	doi          = {10.5445/IR/1000025469},
	publisher    = {{Karlsruher Institut f{\"{u}}r Technologie (KIT)}},
	keywords     = {cluster analysis, complex networks, portfolio optimization, risk management, stress testing, early warning, risk concentrations, dynamic analysis},
	language     = {english}
}

@article{Gallegati2008,
	author = {Gallegati, Mauro and Tola, Vincenzo and Lillo, Fabrizio and Mantegna, Rosario},
	year = {2008},
	month = {02},
	pages = {235-258},
	title = {Cluster Analysis for Portfolio Optimization},
	volume = {32},
	journal = {Journal of Economic Dynamics and Control},
	doi = {10.1016/j.jedc.2007.01.034}
}

@article{wordnet, 
	title={WordNet: An electronic lexical database. Christiane Fellbaum (Ed.). Cambridge, MA: MIT Press, 1998. Pp. 423.}, 
	volume={22}, 
	DOI={10.1017/S0142716401221079}, 
	number={1}, 
	journal={Applied Psycholinguistics}, 
	publisher={Cambridge University Press}, 
	author={Oram, Peter}, 
	year={2001}, 
	pages={131–134}}

@misc{müllner2011modern,
	title={Modern hierarchical, agglomerative clustering algorithms}, 
	author={Daniel Müllner},
	year={2011},
	eprint={1109.2378},
	archivePrefix={arXiv},
	primaryClass={stat.ML}
}

@INPROCEEDINGS{Macqueen67somemethods,
	author = {J. Macqueen},
	title = {Some methods for classification and analysis of multivariate observations},
	booktitle = {In 5-th Berkeley Symposium on Mathematical Statistics and Probability},
	year = {1967},
	pages = {281--297}
}

@misc{Bonald2019notes,
	title={Hierarchical clustering}, 
	author={Thomas Bonald},
	year={2019},
}

@inproceedings{tsd2019,
	title     = {Tree Sampling Divergence: An Information-Theoretic Metric for Hierarchical Graph Clustering},
	author    = {Charpentier, Bertrand and Bonald, Thomas},
	booktitle = {Proceedings of the Twenty-Eighth International Joint Conference on
	Artificial Intelligence, {IJCAI-19}},
	publisher = {International Joint Conferences on Artificial Intelligence Organization},             
	pages     = {2067--2073},
	year      = {2019},
	month     = {7},
	doi       = {10.24963/ijcai.2019/286},
	url       = {https://doi.org/10.24963/ijcai.2019/286},
}

@article{Bonald2018,
	archivePrefix = {arXiv},
	arxivId = {1806.01664},
	author = {Bonald, Thomas and Charpentier, Bertrand and Galland, Alexis and Hollocou, Alexandre},
	eprint = {1806.01664},
	keywords = {Hierarchical clustering algorithm,Paris},
	month = {jun},
	title = {{Hierarchical Graph Clustering using Node Pair Sampling}},
	url = {http://arxiv.org/abs/1806.01664},
	year = {2018}
}

@article{Bonald2018a,
	archivePrefix = {arXiv},
	arxivId = {1807.05087},
	author = {Bonald, Thomas and Charpentier, Bertrand},
	eprint = {1807.05087},
	month = {jul},
	title = {{Learning Graph Representations by Dendrograms}},
	url = {http://arxiv.org/abs/1807.05087},
	year = {2018}
}

@article{Ward1963,
	author = { Joe H.   Ward   Jr. },
	title = {Hierarchical Grouping to Optimize an Objective Function},
	journal = {Journal of the American Statistical Association},
	volume = {58},
	number = {301},
	pages = {236-244},
	year  = {1963},
	publisher = {Taylor & Francis},
	doi = {10.1080/01621459.1963.10500845},
	URL = { 
	https://www.tandfonline.com/doi/abs/10.1080/01621459.1963.10500845
	},
	eprint = { 
	https://www.tandfonline.com/doi/pdf/10.1080/01621459.1963.10500845
	
	}
	
}

@article{RF2013,
	author = {Böcker, S.	Canzar S. 	 Klau G.},
	title = {The generalized Robinson-Foulds metric.},
	journal = {Algorithms in Bioinformatics},
	volume = {8126},
	number = {1},
	pages = {156-169},
	year  = {2013},
	publisher = {Springer},
	doi = {10.1007/978-3-642-40453-5_13},
}

@article{RicoJuan2003ComparisonOA,
	title={Comparison of AESA and LAESA search algorithms using string and tree-edit-distances},
	author={J. R. Rico-Juan and L. Mic{\'o}},
	journal={Pattern Recognit. Lett.},
	year={2003},
	volume={24},
	pages={1417-1426}
}
	
@article{Zhang1989,
	author = {Zhang, Kaizhong and Shasha, Dennis},
	year = {1989},
	month = {12},
	pages = {1245-1262},
	title = {Simple Fast Algorithms for the Editing Distance Between Trees and Related Problems},
	volume = {18},
	journal = {SIAM J. Comput.},
	doi = {10.1137/0218082}
}	

@article{Tai1979,
author = {Tai, Kuo-Chung},
title = {The Tree-to-Tree Correction Problem},
year = {1979},
issue_date = {july 1979},
publisher = {Association for Computing Machinery},
address = {New York, NY, USA},
volume = {26},
number = {3},
issn = {0004-5411},
url = {https://doi.org/10.1145/322139.322143},
doi = {10.1145/322139.322143},
journal = {J. ACM},
month = jul,
pages = {422–433},
numpages = {12}
}

@article{Pawlik2011,
author = {Pawlik, Mateusz and Augsten, Nikolaus},
title = {RTED: A Robust Algorithm for the Tree Edit Distance},
year = {2011},
issue_date = {December 2011},
publisher = {VLDB Endowment},
volume = {5},
number = {4},
issn = {2150-8097},
url = {https://doi.org/10.14778/2095686.2095692},
doi = {10.14778/2095686.2095692},
journal = {Proc. VLDB Endow.},
month = dec,
pages = {334–345},
numpages = {12}
}

@InProceedings{Pawlik2017,
author="Schwarz, Stefan
and Pawlik, Mateusz
and Augsten, Nikolaus",
editor="Beecks, Christian
and Borutta, Felix
and Kr{\"o}ger, Peer
and Seidl, Thomas",
title="A New Perspective on the Tree Edit Distance",
booktitle="Similarity Search and Applications",
year="2017",
publisher="Springer International Publishing",
address="Cham",
pages="156--170",
isbn="978-3-319-68474-1"
}

@MISC{Barnard95tree-to-treecorrection,
	author = {David T. Barnard and Gwen Clarke and Nicolas Duncan},
	title = {Tree-to-tree Correction for Document Trees},
	year = {1995}
}

@misc{Pascal2005,
	author="Pons, Pascal
	and Latapy, Matthieu",
	editor="Yolum, pInar
	and G{\"u}ng{\"o}r, Tunga
	and G{\"u}rgen, Fikret
	and {\"O}zturan, Can",
	title="Computing Communities in Large Networks Using Random Walks",
	booktitle="Computer and Information Sciences - ISCIS 2005",
	year="2005",
	publisher="Springer Berlin Heidelberg",
	address="Berlin, Heidelberg",
	pages="284--293",
	isbn="978-3-540-32085-2"
}

@article{Tremblay2014,
	author={N. {Tremblay} and P. {Borgnat}},
	journal={IEEE Transactions on Signal Processing}, 
	title={Graph Wavelets for Multiscale Community Mining}, 
	year={2014},
	volume={62},
	number={20},
	pages={5227-5239},	
	doi={10.1109/TSP.2014.2345355}
}

@Inbook{Pearson,
	editor="Kirch, Wilhelm",
	title="Pearson's Correlation Coefficient",
	bookTitle="Encyclopedia of Public Health",
	year="2008",
	publisher="Springer Netherlands",
	address="Dordrecht",
	pages="1090--1091",
	isbn="978-1-4020-5614-7",
	doi="10.1007/978-1-4020-5614-7_2569",
	url="https://doi.org/10.1007/978-1-4020-5614-7_2569"
}



@article{dasgupta2016cost,
	archivePrefix = {arXiv},
	arxivId = {1510.05043},
	author = {Dasgupta, Sanjoy},
	booktitle = {Proceedings of the Annual ACM Symposium on Theory of Computing},
	doi = {10.1145/2897518.2897527},
	eprint = {1510.05043},
	isbn = {9781450341325},
	issn = {07378017},
	keywords = {Approximation algorithm, Hierarchical clustering},
	pages = {118--127},
	title = {{A cost function for similarity-based hierarchical clustering}},
	year = {2016}
}

@inproceedings{Cohen-Addad2017,
	author = {Cohen-Addad, Vincent and Kanade, Varun and Mallmann-Trenn, Frederik},
	booktitle = {Advances in Neural Information Processing Systems},
	editor = {I. Guyon and U. V. Luxburg and S. Bengio and H. Wallach and R. Fergus and S. Vishwanathan and R. Garnett},
	pages = {6201--6209},
	publisher = {Curran Associates, Inc.},
	title = {Hierarchical Clustering Beyond the Worst-Case},
	url = {https://proceedings.neurips.cc/paper/2017/file/e8bf0f27d70d480d3ab793bb7619aaa5-Paper.pdf},
	volume = {30},
	year = {2017}
}

@article{Cohen-Addad2019,
	author = {Cohen-Addad, Vincent and Kanade, Varun and Mallmann-Trenn, Frederik and Mathieu, Claire},
	doi = {10.1145/3321386},
	issn = {1557735X},
	journal = {Journal of the ACM},
	keywords = {Hierarchical clustering,PCA,Stochastic block model},
	month = {jun},
	number = {4},
	pages = {1--42},
	publisher = {Association for Computing Machinery},
	title = {{Hierarchical clustering: Objective functions and algorithms}},
	url = {https://dl.acm.org/doi/10.1145/3321386},
	volume = {66},
	year = {2019}
}

@article{hubert1985comparing,
	title={Comparing partitions},
	author={Hubert, Lawrence and Arabie, Phipps},
	journal={Journal of classification},
	volume={2},
	number={1},
	pages={193--218},
	year={1985},
	publisher={Springer}
}

@article{vinh2010information,
	title={Information theoretic measures for clusterings comparison: Variants, properties, normalization and correction for chance},
	author={Vinh, Nguyen Xuan and Epps, Julien and Bailey, James},
	journal={The Journal of Machine Learning Research},
	volume={11},
	pages={2837--2854},
	year={2010},
	publisher={JMLR. org}
}

@inproceedings{rosenberg-hirschberg-2007-v,
	title = "{V}-Measure: A Conditional Entropy-Based External Cluster Evaluation Measure",
	author = "Rosenberg, Andrew  and
	Hirschberg, Julia",
	booktitle = "Proceedings of the 2007 Joint Conference on Empirical Methods in Natural Language Processing and Computational Natural Language Learning ({EMNLP}-{C}o{NLL})",
	month = jun,
	year = "2007",
	address = "Prague, Czech Republic",
	publisher = "Association for Computational Linguistics",
	url = "https://www.aclweb.org/anthology/D07-1043",
	pages = "410--420",
}

@article{ROUSSEEUW198753,
	title = "Silhouettes: A graphical aid to the interpretation and validation of cluster analysis",
	journal = "Journal of Computational and Applied Mathematics",
	volume = "20",
	pages = "53 - 65",
	year = "1987",
	issn = "0377-0427",
	doi = "https://doi.org/10.1016/0377-0427(87)90125-7",
	url = "http://www.sciencedirect.com/science/article/pii/0377042787901257",
	author = "Peter J. Rousseeuw",
	keywords = "Graphical display, cluster analysis, clustering validity, classification",
	abstract = "A new graphical display is proposed for partitioning techniques. Each cluster is represented by a so-called silhouette, which is based on the comparison of its tightness and separation. This silhouette shows which objects lie well within their cluster, and which ones are merely somewhere in between clusters. The entire clustering is displayed by combining the silhouettes into a single plot, allowing an appreciation of the relative quality of the clusters and an overview of the data configuration. The average silhouette width provides an evaluation of clustering validity, and might be used to select an ‘appropriate’ number of clusters."
}

@article{ROBINSON,
	author="B{\"o}cker, Sebastian
	and Canzar, Stefan
	and Klau, Gunnar W.",
	editor="Darling, Aaron	
	and Stoye, Jens",
	title="The Generalized Robinson-Foulds Metric",
	booktitle="Algorithms in Bioinformatics",
	year="2013",
	publisher="Springer Berlin Heidelberg",
	address="Berlin, Heidelberg",
	pages="156--169",
	isbn="978-3-642-40453-5"
}

@article {Kuhner1994,
	Title = {A simulation comparison of phylogeny algorithms under equal and unequal evolutionary rates},
	Author = {Kuhner, MK and Felsenstein, J},
	DOI = {10.1093/oxfordjournals.molbev.a040126},
	Number = {3},
	Volume = {11},
	Month = {May},
	Year = {1994},
	Journal = {Molecular biology and evolution},
	ISSN = {0737-4038},
	Pages = {459—468},
	URL = {https://doi.org/10.1093/oxfordjournals.molbev.a040126},
}

@article{Critchlow1996,
	author = {Critchlow, Douglas and Pearl, Dennis and Qian, CL},
	year = {1996},
	month = {09},
	pages = {323-334},
	title = {The Triples Distance for Rooted Bifurcating Phylogenetic Trees},
	volume = {45},
	journal = {Systematic Biology - SYST BIOL},
	doi = {10.1093/sysbio/45.3.323}
}

@article{Penny1982,
	abstract = {The theory of evolution predicts that similar phylogenetic trees should be obtained from different sets of character data. We have tested this prediction using sequence data for 5 proteins from 11 species. Our results are consistent with the theory of evolution. {\textcopyright} 1982 Nature Publishing Group.},
	author = {Penny, David and Foulds, L. R. and Hendy, M. D.},
	doi = {10.1038/297197a0},
	issn = {00280836},
	journal = {Nature},
	keywords = {Amino Acid Sequence,Biological,Biological Evolution*,Comparative Study,D Penny,L R Foulds,M D Hendy,MEDLINE,Models,NCBI,NIH,NLM,National Center for Biotechnology Information,National Institutes of Health,National Library of Medicine,Probability,Proteins / genetics*,PubMed Abstract,doi:10.1038/297197a0,pmid:7078635},
	mendeley-groups = {Hierarchical{\_}clustering},
	number = {5863},
	pages = {197--200},
	pmid = {7078635},
	publisher = {Nature},
	title = {{Testing the theory of evolution by comparing phylogenetic trees constructed from five different protein sequences}},
	url = {https://pubmed.ncbi.nlm.nih.gov/7078635/},
	volume = {297},
	year = {1982}
}


@article{Kuhner2014,
	author = {Kuhner, Mary and Yamato, Jon},
	year = {2014},
	month = {11},
	pages = {},
	title = {Practical Performance of Tree Comparison Metrics},
	volume = {64},
	journal = {Systematic biology},
	doi = {10.1093/sysbio/syu085}
}

@book{cover,
	title={Elements of Information Theory},
	author={Cover, Thomas M and Thomas, Joy A},
	year={1991},
	publisher={Wiley}
}

@incollection{vi,
	title={Comparing clusterings by the variation of information},
	author={Meil{\u{a}}, Marina},
	booktitle={Learning theory and kernel machines},
	pages={173--187},
	year={2003},
	publisher={Springer}
}

@inproceedings{romano2014standardized,
	title={Standardized mutual information for clustering comparisons: one step further in adjustment for chance},
	author={Romano, Simone and Bailey, James and Nguyen, Vinh and Verspoor, Karin},
	booktitle={International Conference on Machine Learning},
	pages={1143--1151},
	year={2014}
}

@article{romano2016adjusting,
	title={Adjusting for chance clustering comparison measures},
	author={Romano, Simone and Vinh, Nguyen Xuan and Bailey, James and Verspoor, Karin},
	journal={The Journal of Machine Learning Research},
	volume={17},
	number={1},
	pages={4635--4666},
	year={2016},
	publisher={JMLR. org}
}

@article{vinh2010information,
	title={Information theoretic measures for clusterings comparison: Variants, properties, normalization and correction for chance},
	author={Vinh, Nguyen Xuan and Epps, Julien and Bailey, James},
	journal={The Journal of Machine Learning Research},
	volume={11},
	pages={2837--2854},
	year={2010},
	publisher={JMLR. org}
}


@misc{Lazarenko2021pairwise,
	title={Pairwise Adjusted Mutual Information}, 
	author={Denys Lazarenko and Thomas Bonald},
	year={2021},
	eprint={2103.12641},
	archivePrefix={arXiv},
	primaryClass={cs.LG}
}

@article{Lazarenko2021tmi,
	archivePrefix = {},
	arxivId = {},
	author = {Lazarenko, Denys and Bonald, Thomas},
	eprint = {},
	month = {},
	title = {{}},
	url = {},
	year = {2021}
}


@online{newick1990,
	title={Newick's 8:45" Tree Format Standard}, 
	url={http://evolution.genetics.washington.edu/phylip/newick_doc.html},
	author={Olsen G},
	year={1990},
	month=apr,
	urldate = {2021-30-01}
}

@article{scikit-network,
	author  = {Thomas Bonald and Nathan de Lara and Quentin Lutz and Bertrand Charpentier},
	title   = {Scikit-network: Graph Analysis in Python},
	journal = {Journal of Machine Learning Research},
	year    = {2020},
	volume  = {21},
	number  = {185},
	pages   = {1-6},
	url     = {http://jmlr.org/papers/v21/20-412.html}
}

@article{scikit-learn,
	title={Scikit-learn: Machine Learning in {P}ython},
	author={Pedregosa, F. and Varoquaux, G. and Gramfort, A. and Michel, V.
	and Thirion, B. and Grisel, O. and Blondel, M. and Prettenhofer, P.
	and Weiss, R. and Dubourg, V. and Vanderplas, J. and Passos, A. and
	Cournapeau, D. and Brucher, M. and Perrot, M. and Duchesnay, E.},
	journal={Journal of Machine Learning Research},
	volume={12},
	pages={2825--2830},
	year={2011}
}

@ARTICLE{2020SciPy,
	author = {Virtanen, Pauli and Gommers, Ralf and Oliphant,
	Travis E. and Haberland, Matt and Reddy, Tyler and
	Cournapeau, David and Burovski, Evgeni and Peterson, Pearu
	and {Weckesser}, Warren and {Bright}, Jonathan and {van der Walt},
	Stefan J.  and {Brett}, Matthew and {Wilson}, Joshua and
	{Jarrod Millman}, K.  and {Mayorov}, Nikolay and {Nelson}, Andrew
	R.~J. and {Jones}, Eric and {Kern}, Robert and {Larson}, Eric and
	{Carey}, CJ and {Polat}, lhan and {Feng}, Yu and {Moore},
	Eric W. and {Vand erPlas}, Jake and {Laxalde}, Denis and
	{Perktold}, Josef and {Cimrman}, Robert and {Henriksen}, Ian and
	{Quintero}, E.~A. and {Harris}, Charles R and {Archibald}, Anne M.
	and {Ribeiro}, Antonio H. and {Pedregosa}, Fabian and
	{van Mulbregt}, Paul and {Contributors}, SciPy 1. 0},
	title = {SciPy 1.0: Fundamental Algorithms for Scientific Computing in Python},
	journal = {Nature Methods},
	year = {2020},
}

@article{ete3,
	author = {Huerta-Cepas, Jaime and Serra, François and Bork, Peer},
	title = "{ETE 3: Reconstruction, Analysis, and Visualization of Phylogenomic Data}",
	journal = {Molecular Biology and Evolution},
	volume = {33},
	number = {6},
	pages = {1635-1638},
	year = {2016},
	month = {02},
	issn = {0737-4038},
	doi = {10.1093/molbev/msw046},
	url = {https://doi.org/10.1093/molbev/msw046},
	eprint = {https://academic.oup.com/mbe/article-pdf/33/6/1635/7953632/msw046.pdf},
}




@thesis{charpentier2019master,
	title={Multi-scale clustering in graphs using modularity},
	author={Bertrand Charpentier},
	year={2019},
	type={Masters's Thesis},
	school={KTH Royal Institute of Technology}
}

@misc{lyzinski2016community,
	title={Community Detection and Classification in Hierarchical Stochastic Blockmodels}, 
	author={Vince Lyzinski and Minh Tang and Avanti Athreya and Youngser Park and Carey E. Priebe},
	year={2016},
	eprint={1503.02115},
	archivePrefix={arXiv},
	primaryClass={stat.ML}
}


@Article{harris2020array,
	title         = {Array programming with {NumPy}},
	author        = {Charles R. Harris and K. Jarrod Millman and St{'{e}}fan J.
	van der Walt and Ralf Gommers and Pauli Virtanen and David
	Cournapeau and Eric Wieser and Julian Taylor and Sebastian
	Berg and Nathaniel J. Smith and Robert Kern and Matti Picus
	and Stephan Hoyer and Marten H. van Kerkwijk and Matthew
	Brett and Allan Haldane and Jaime Fern{'{a}}ndez del
	R{'{\i}}o and Mark Wiebe and Pearu Peterson and Pierre
	G{'{e}}rard-Marchant and Kevin Sheppard and Tyler Reddy and
	Warren Weckesser and Hameer Abbasi and Christoph Gohlke and
	Travis E. Oliphant},
	year          = {2020},
	month         = sep,
	journal       = {Nature},
	volume        = {585},
	number        = {7825},
	pages         = {357--362},
	doi           = {10.1038/s41586-020-2649-2},
	publisher     = {Springer Science and Business Media {LLC}},
	url           = {https://doi.org/10.1038/s41586-020-2649-2}
}

@article{behnel2011cython,
	title={Cython: The best of both worlds},
	author={Behnel, Stefan and Bradshaw, Robert and Citro, Craig and Dalcin, Lisandro and Seljebotn, Dag Sverre and Smith, Kurt},
	journal={Computing in Science \& Engineering},
	volume={13},
	number={2},
	pages={31--39},
	year={2011},
	publisher={IEEE}
} 

@article{feast,
	author = {Brown, Gavin and Pocock, Adam and Zhao, Ming-Jie and Luján, Mikel},
	year = {2012},
	month = {02},
	pages = {27-66},
	title = {Conditional Likelihood Maximisation: A Unifying Framework for Information Theoretic Feature Selection},
	volume = {13},
	journal = {The Journal of Machine Learning Research}
}


@online{netset,
	author = {Thomas Bonald },
	title = {NetSet},
	url = {https://netset.telecom-paris.fr/index.html},
	urldate = {2021-03-04}
}

@article{vinh10a,
	author  = {Nguyen Xuan Vinh and Julien Epps and James Bailey},
	title   = {Information Theoretic Measures for Clusterings Comparison: Variants, Properties, Normalization and Correction for Chance},
	journal = {Journal of Machine Learning Research},
	year    = {2010},
	volume  = {11},
	number  = {95},
	pages   = {2837-2854},
	url     = {http://jmlr.org/papers/v11/vinh10a.html}
}

@online{pearson,
	title = {Pearson correlation coefficient},
	url = { https://en.wikipedia.org/wiki/Pearson_correlation_coefficient},
	urldate = {2021-04-04}
}
