%% LaTeX2e file `jobname.bib'
%% generated by the `filecontents' environment
%% from source `thesis' on 2021/03/24.
%%
 @misc{A2011,
  author = {Author, A.},
  year = {2011},
  title = {A short title.},
 }
 @misc{A2012,
  author = {Buthor, B.},
  year = {2012},
  title = {Systems biology and personalized medicine are two emerging research areas, which promise to transform our health system.},
 }
 @misc{A2013,
  author = {Cuthor, C.},
  year = {2013},
  title = {This title is not so short.},
 }
